<collection xmlns="http://www.loc.gov/MARC21/slim">
<record>
  <leader>00892nam0a2200241 i 450 </leader>
  <controlfield tag="001">IT\ICCU\CNCE\042842</controlfield>
  <controlfield tag="005">20090302000000.0</controlfield>
  <datafield tag="012" ind1=" " ind2=" ">
    <subfield code="a">8.s. r.o. e-po u-e, (S) 1588 (A)</subfield>
    <subfield code="2">fei</subfield>
  </datafield>
  <datafield tag="100" ind1=" " ind2=" ">
    <subfield code="a">19981216d1588        0itac0103    ba</subfield>
  </datafield>
  <datafield tag="101" ind1=" " ind2=" ">
    <subfield code="a">ITA</subfield>
  </datafield>
  <datafield tag="102" ind1=" " ind2=" ">
    <subfield code="a">IT</subfield>
  </datafield>
  <datafield tag="200" ind1="1" ind2=" ">
    <subfield code="a">Editto per l&apos;arte della seta</subfield>
  </datafield>
  <datafield tag="210" ind1=" " ind2=" ">
    <subfield code="a">In Roma</subfield>
    <subfield code="c">per gli heredi d&apos;Antonio Blado stampatori camerali</subfield>
    <subfield code="d">1588</subfield>
  </datafield>
  <datafield tag="215" ind1=" " ind2=" ">
    <subfield code="a">1 manifesto</subfield>
    <subfield code="d">atl</subfield>
  </datafield>
  <datafield tag="300" ind1=" " ind2=" ">
    <subfield code="a">Data di emanazione : Roma, 18 gennaio 1588</subfield>
  </datafield>
  <datafield tag="620" ind1=" " ind2=" ">
    <subfield code="a">IT</subfield>
    <subfield code="d">Roma</subfield>
  </datafield>
  <datafield tag="710" ind1="0" ind2="2">
    <subfield code="a">Arte della seta</subfield>
    <subfield code="c"> &lt;Roma&gt;</subfield>
    <subfield code="3">11415</subfield>
  </datafield>
  <datafield tag="702" ind1=" " ind2="0">
    <subfield code="a">Sixtus</subfield>
    <subfield code="c"> &lt;papa</subfield>
    <subfield code="c"> ; 5.&gt;</subfield>
    <subfield code="3">IT\ICCU\CNCA\007469</subfield>
  </datafield>
  <datafield tag="712" ind1="0" ind2="0">
    <subfield code="a">Blado, Antonio - eredi</subfield>
    <subfield code="3">IT\ICCU\CNCT\000148</subfield>
    <subfield code="4">650</subfield>
  </datafield>
  <datafield tag="791" ind1="0" ind2="2">
    <subfield code="a">Setaroli</subfield>
    <subfield code="c"> &lt;Roma&gt;</subfield>
    <subfield code="3">28455</subfield>
    <subfield code="z">Arte della seta &lt;Roma&gt;</subfield>
  </datafield>
  <datafield tag="790" ind1=" " ind2="1">
    <subfield code="a">Peretti,</subfield>
    <subfield code="b">Felice</subfield>
    <subfield code="3">IT\ICCU\CNCA\014759</subfield>
    <subfield code="z">Sixtus &lt;papa ; 5.&gt;</subfield>
  </datafield>
  <datafield tag="801" ind1=" " ind2="3">
    <subfield code="a">IT</subfield>
    <subfield code="b">ICCU</subfield>
    <subfield code="c">20201114</subfield>
  </datafield>
  <datafield tag="899" ind1=" " ind2=" ">
    <subfield code="a">Biblioteca nazionale centrale. Roma</subfield>
    <subfield code="1">RM0267</subfield>
    <subfield code="2">BVE CR</subfield>
  </datafield>
</record>
</collection>
